<record><leader>00000cas a22000007a 4500</leader><controlfield tag="001">21225094</controlfield><controlfield tag="008">900316d18911921gauwr ne      0    0eng d</controlfield><datafield ind1=" " ind2=" " tag="010"><subfield code="a">sn 88054112 </subfield></datafield><datafield ind1=" " ind2=" " tag="040"><subfield code="a">NLG</subfield><subfield code="b">eng</subfield><subfield code="c">NLG</subfield><subfield code="d">NVF</subfield><subfield code="d">GUA</subfield><subfield code="d">OCLCQ</subfield><subfield code="d">OCLCF</subfield><subfield code="d">OCLCO</subfield></datafield><datafield ind1="1" ind2=" " tag="029"><subfield code="a">AU@</subfield><subfield code="b">000041189217</subfield></datafield><datafield ind1=" " ind2=" " tag="042"><subfield code="a">msc</subfield></datafield><datafield ind1=" " ind2=" " tag="043"><subfield code="a">n-us-ga</subfield></datafield><datafield ind1="0" ind2=" " tag="130"><subfield code="a">Weekly banner (Athens, Ga. : 1891)</subfield></datafield><datafield ind1="1" ind2="4" tag="245"><subfield code="a">The weekly banner.</subfield></datafield><datafield ind1="1" ind2="3" tag="246"><subfield code="a">Semi-weekly banner</subfield></datafield><datafield ind1=" " ind2=" " tag="260"><subfield code="a">Athens, Ga. :</subfield><subfield code="b">Athens Pub. Co.,</subfield><subfield code="c">1891-1921.</subfield></datafield><datafield ind1=" " ind2=" " tag="300"><subfield code="a">v.</subfield></datafield><datafield ind1=" " ind2=" " tag="310"><subfield code="a">Weekly,</subfield><subfield code="b">June 7, 1895-July 29, 1921</subfield></datafield><datafield ind1=" " ind2=" " tag="321"><subfield code="a">Weekly,</subfield><subfield code="b">1891-1894</subfield></datafield><datafield ind1=" " ind2=" " tag="321"><subfield code="a">Semiweekly,</subfield><subfield code="b">Oct. 9, 1894-June 4, 1895</subfield></datafield><datafield ind1="0" ind2=" " tag="362"><subfield code="a">Vol. 59, no. 29 (June 23, 1891)-v. 89 (July 29, 1921).</subfield></datafield><datafield ind1=" " ind2=" " tag="500"><subfield code="a">Variant title: Oct. 9, 1894-June 4, 1895 Semi-weekly banner, "published Daily, Semi-Weekly, and Sunday by Phinizy &amp; Upson."</subfield></datafield><datafield ind1=" " ind2=" " tag="530"><subfield code="a">Also on microfilm: Athens, Ga. : University of Georgia Libraries.</subfield></datafield><datafield ind1=" " ind2="0" tag="651"><subfield code="a">Athens (Ga.)</subfield><subfield code="v">Newspapers.</subfield></datafield><datafield ind1=" " ind2="7" tag="655"><subfield code="a">Newspapers.</subfield><subfield code="2">fast</subfield><subfield code="0">(OCoLC)fst01423814</subfield></datafield><datafield ind1=" " ind2="7" tag="651"><subfield code="a">Georgia</subfield><subfield code="z">Athens.</subfield><subfield code="2">fast</subfield><subfield code="0">(OCoLC)fst01208258</subfield></datafield><datafield ind1=" " ind2=" " tag="752"><subfield code="a">United States</subfield><subfield code="b">Georgia</subfield><subfield code="c">Clarke</subfield><subfield code="d">Athens.</subfield></datafield><datafield ind1="0" ind2=" " tag="775"><subfield code="t">Athens daily banner (Athens, Ga. : 1889)</subfield><subfield code="w">(DLC)sn 89053947</subfield><subfield code="w">(OCoLC)21224690</subfield></datafield><datafield ind1="0" ind2=" " tag="775"><subfield code="t">Athens banner (Athens, Ga. : 1902)</subfield><subfield code="w">(DLC)sn 88054098</subfield><subfield code="w">(OCoLC)20266548</subfield></datafield><datafield ind1="0" ind2="0" tag="780"><subfield code="t">Athens weekly banner (Athens, Ga. : 1889)</subfield><subfield code="w">(DLC)sn 88054117</subfield><subfield code="w">(OCoLC)21237552</subfield></datafield></record>